@inproceedings{1,
  title        = {{1-out-of-n signatures from a variety of keys}},
  author       = {Abe, Masayuki and Ohkubo, Miyako and Suzuki, Koutarou},
  booktitle    = {{ASIACRYPT 2002}},
  pages        = {415--432},
  year         = {2002},
  organization = {Springer-Verlag}
}

@inproceedings{2,
  title        = {{Bulletproofs: Short proofs for confidential transactions and more}},
  author       = {B{\"u}nz, Benedikt and Bootle, Jonathan and Boneh, Dan and Poelstra, Andrew and Wuille, Pieter and Maxwell, Greg},
  booktitle    = {{2018 IEEE Symposium on Security and Privacy (SP)}},
  pages        = {315--334},
  year         = {2018},
  organization = {IEEE}
}

@techreport{3,
  title        = {{There Are 10 Types of Vectors (and Polynomials) Efficient Zero-Knowledge Proofs of ``One-Hotness'' via Polynomials with One Zero}},
  author       = {Black, William and Henry, Ryan},
  institution  = {Cryptology ePrint Archive, Report 2019/968, 2019. \url{https://eprint.iacr.org/2019/968}},
  year         = {2019}
}

@inproceedings{4,
  title        = {{A generalization of DDH with applications to protocol analysis and computational soundness}},
  author       = {Bresson, Emmanuel and Lakhnech, Yassine and Mazar{\'e}, Laurent and Warinschi, Bogdan},
  booktitle    = {{CRYPTO 2007, LNCS 4622}},
  pages        = {482--499},
  year         = {2007},
  organization = {Springer}
}

@inproceedings{5,
  title        = {{Proofs of partial knowledge and simplified design of witness hiding protocols}},
  author       = {Cramer, Ronald and Damg{\aa}rd, Ivan and Schoenmakers, Berry},
  booktitle    = {{CRYPTO '94, LNCS 839}},
  pages        = {174--187},
  year         = {1994},
  organization = {Springer-Verlag}
}

@techreport{6,
  title        = {{``Many-out-of-many'' proofs with applications to anonymous Zether}},
  author       = {Benjamin, E. Diamond},
  institution  = {Cryptology ePrint Archive, Report 2020/293, 2020. \url{https://eprint.iacr.org/2020/293}},
  year         = {2020},
}

@techreport{7,
  title        = {{Indifferentiable Deterministic Hashing to Elliptic and Hyperelliptic Curves}},
  author       = {Farashahi, Reza R and Fouque, Pierre-Alain and Shparlinski, Igor and Tibouchi, Mehdi and Voloch, J},
  institution  = {Cryptology ePrint Archive, Report 2010/539, 2010. \url{https://eprint.iacr.org/2010/539}},
  year         = {2010}
}

@inproceedings{8,
  title        = {{How To Prove Yourself: Practical Solutions to Identification and Signature Problems}},
  author       = {Fiat, Amos and Shamir, Adi},
  booktitle    = {{CRYPTO 1986. Lecture Notes in Computer Science}},
  volume       = {263},
  pages        = {186--194},
  year         = {1986},
  organization = {Springer Berlin Heidelberg}
}

@inproceedings{9,
  title        = {{One-out-of-many proofs: Or how to leak a secret and spend a coin}},
  author       = {Groth, Jens and Kohlweiss, Markulf},
  booktitle    = {{Annual International Conference on the Theory and Applications of Cryptographic Techniques}},
  pages        = {253--280},
  year         = {2015},
  organization = {Springer}
}

\cite{10} Jens Groth. . .
@techreport{10,
  title        = {{On the Size of Pairing-based Non-interactive Arguments}},
  author       = {Groth, Jens},
  institution  = {Cryptology ePrint Archive, Report 2016/260, 2016. \url{https://eprint.iacr.org/2016/260}},
}

@techreport{11,
  title        = {{Zcash protocol specification}},
  author       = {Hopwood, Daira and Bowe, Sean and Hornby, Taylor and Wilcox, Nathan},
  institution  = {Tech. rep. 2016--1.10. Zerocoin Electric Coin Company, Tech. Rep.},
  year         = {2016}
}

@inproceedings{12,
  title        = {{Omniring: Scaling private payments without trusted setup}},
  author       = {Lai, Russell WF and Ronge, Viktoria and Ruffing, Tim and Schr{\"o}der, Dominique and Thyagarajan, Sri Aravinda Krishnan and Wang, Jiafan},
  booktitle    = {{Proceedings of the 2019 ACM SIGSAC Conference on Computer and Communications Security}},
  pages        = {31--48},
  year         = {2019}
}

@inproceedings{13,
  title        = {{Linkable Spontaneous Anonymous Group Signature for Ad Hoc Groups (Extended Abstract)}},
  author       = {Liu, Joseph K and Wei, Victor K and Wong, Duncan S},
  booktitle    = {{Proc. Ninth Australasian Conf. Information Security and Privacy (ACISP)}},
  year         = {2004},
}

@techreport{14,
  title        = {{Triptych-2: efficient proofs for confidential transactions}},
  author       = {Noether, Sarang},
  institution  = {Cryptology ePrint Archive, Report 2020/312, 2020. \url{https://eprint.iacr.org/2020/312/20200315:162105}},
  year         = {2020}
}

@misc{15,
  title        = {{CryptoNote v 2.0}},
  author       = {Van Saberhagen, Nicolas},
  year         = {2013},
  note         = {\url{https://cryptonote.org/whitepaper.pdf}}
}

@article{16,
  title        = {{Efficient Signature Generation by Smart Cards}},
  author       = {Schnorr, Claus-Peter},
  journal      = {J. Cryptology},
  volume       = {4},
  number       = {3},
  pages        = {161--174},
  year         = {1991}
}

@inproceedings{17,
  title        = {{How to leak a secret}},
  author       = {Rivest, Ronald L and Shamir, Adi and Tauman, Yael},
  booktitle    = {{Asiacrypt 2001, LNCS 2248}},
  pages        = {552--565},
  year         = {2001},
  organization = {Springer-Verlag}
}

@techreport{18,
  title        = {{RingCT 3.0 for Blockchain Confidential Transaction: Shorter Size and Stronger Security}},
  author       = {Yuen, Tsz Hon and Sun, Shifeng and Liu, Joseph K and Au, Man Ho and Esgin, Muhammed F and Zhang, Qingzhao and Gu, Dawu},
  institution  = {Cryptology ePrint Archive, Report 2019/508, 2019. \url{https://eprint.iacr.org/2019/508}},
  year         = {2019}
}
